@article{COUR91,
    title = {The monadic second-order logic of graphs V: on closing the gap between definability and recognizability},
    journal = {Theoretical Computer Science},
    volume = {80},
    number = {2},
    pages = {153-202},
    year = {1991},
    issn = {0304-3975},
    doi = {10.1016/0304-3975(91)90387-H},
    url = {https://www.sciencedirect.com/science/article/pii/030439759190387H},
    author = {Courcelle, Bruno},
    sha256 = {5DA72EFD51CBEA53078D9CA979C04F5277659156E7E6CD5E1969431084956993},
}

@inproceedings{COLC07,
  address    = {Berlin, Heidelberg},
  author     = {Colcombet, Thomas},
  booktitle  = {Automata, Languages and Programming},
  editor     = {Arge, Lars and Cachin, Christian and Jurdzi≈Ñski, Tomasz and Tarlecki, Andrzej},
  isbn       = {978-3-540-73420-8},
  pages      = {901--912},
  publisher  = {Springer Berlin Heidelberg},
  doi = {10.1007/978-3-540-73420-8_77},
  sha256     = {F9F803566167FC8D36903104A7E9C242A8DDF48F18695ECB9D02B194490B8D5B},
  title      = {A Combinatorial Theorem for Trees},
  year       = {2007},
}

@article{NASH65,
    author  = {Nash-Williams, Crispin St. John Alvah},
    journal = {Mathematical Proceedings of the Cambridge Philosophical Society},
    pages   = {33--39},
    title   = {On well-quasi-ordering transfinite sequences},
    volume  = {61},
    year    = {1965},
    doi     = {10.1017/S0305004100038603},
}

